@online{vlans,
    author = {{Allied Telesis}},
    date = {2015},
    title = {Virtual {LANs}},
    doctype = {PDF document},
    url = {https://www.alliedtelesis.com/sites/default/files/vlan_feature_config_guide_revb.pdf},
    urldate = {2018-03-15}
}

@book{horizon-report,
    author = {L. Johnson and A. Levine and R. Smith and S. Stone},
    date = {2010},
    title = {The Horizon Report},
    publisher = {Educause Learning Initiative},
    pages = {21--25},
    ISBN = {978-0-9825334-3-7}
}

@article{kouhia-2015,
    author = {Mikko Kouhia and Henrik Holmberg and Pekka Ahtila},
    date = {2015-07},
    title = {Microalgae-utilizing biorefinery concept for pulp and paper industry: Converting secondary streams into value-added products},
    publisher = {Elsevier {BV}},
    journal = {Algal Research},
    volume = {10},
    pages = {41--47},
    doi = {10.1016/j.algal.2015.04.001}
}

@article{acta-graphica,
    author = {Ihsan Rabbi and Sehat Ullah},
    date = {2016},
    title = {A Survey on Augmented Reality Challenges and Tracking},
    journal = {Acta Graphica},
    volume = {24},
    number = {1-2},
    pages = {29--46},
    issn = {1848-3828},
    url = {http://www.actagraphica.hr/index.php/actagraphica/article/view/44}
}

@book{sidn-conv,
    editor = {Jack Sidnell and Tanya Stivers},
    date = {2013},
    title = {The handbook of conversation analysis},
    address = {Oxford},
    publisher = {Wiley-Blackwell}
}

@article{vrjournal,
    author = {D.W.F. {van Krevelen} and R. Poelman},
    date = {2010},
    title = {A Survey of Augmented Reality Technologies, Applications and Limitations},
    journal = {The International Journal of Virtual Reality},
    pages = {1--6},
    doctype = {PDF document},
    url = {http://citeseerx.ist.psu.edu/viewdoc/download?doi=10.1.1.454.8190&rep=rep1&type=pdf},
    urldate = {2020-06-16}
}
